

@book{wooldridge2019,
  title={Introductory Econometrics: A Modern Approach},
  author={Wooldridge, J.M.},
  isbn={9781337558860},
  year={2019},
  publisher={Cengage Learning}
}

@book{gujarati2021,
  title={Essentials of Econometrics},
  author={Gujarati, D.N.},
  isbn={9781071850428},
  lccn={2021012627},
  year={2021},
  publisher={SAGE Publications}
}

@book{stock2019introduction,
  title={Introduction to Econometrics},
  author={Stock, J.H. and Watson, M.W.},
  isbn={9780134461991},
  lccn={2018035117},
  series={Always learning},
  year={2019},
  publisher={Pearson}
}

@book{greene2020econometric,
  title={Econometric Analysis},
  author={Greene, W.H.},
  isbn={9781292231136},
  year={2020},
  publisher={Pearson}
}

@book{hayashi2011econometrics,
  title={Econometrics},
  author={Hayashi, F.},
  isbn={9781400823833},
  lccn={00034665},
  year={2011},
  publisher={Princeton University Press}
}

@book{cameron2005microeconometrics,
  title={Microeconometrics: Methods and Applications},
  author={Cameron, A.C. and Trivedi, P.K.},
  isbn={9780521848053},
  lccn={2004022273},
  year={2005},
  publisher={Cambridge University Press}
}

@book{kennedy2018guide,
  title={A Guide to Econometrics},
  author={Kennedy, P.},
  isbn={9788126574810},
  year={2018},
  publisher={Wiley Blackwell}
}

@book{cunningham2021causal,
  title={Causal Inference: The Mixtape},
  author={Cunningham, S.},
  isbn={9780300255881},
  lccn={2020939011},
  year={2021},
  publisher={Yale University Press}
}

@book{huntington2021effect,
  title={The Effect: An Introduction to Research Design and Causality},
  author={Huntington-Klein, N.},
  isbn={9781000509229},
  lccn={2021032147},
  year={2021},
  publisher={CRC Press}
}

@book{wickham2017r4ds,
  title     = {R for Data Science: Import, Tidy, Transform, Visualize, and Model Data},
  author    = {Hadley Wickham and Garrett Grolemund},
  year      = {2017},
  publisher = {O'Reilly Media},
  note      = {Accessed online at \url{https://r4ds.hadley.nz/}},
  url       = {https://r4ds.hadley.nz/}
}

@book{wickham2016ggplot2,
  title     = {ggplot2: Elegant Graphics for Data Analysis},
  author    = {Hadley Wickham},
  year      = {2016},
  publisher = {Springer},
  edition   = {2},
  note      = {Accessed online at \url{https://ggplot2-book.org/}},
  url       = {https://ggplot2-book.org/},
  doi       = {10.1007/978-3-319-24277-4}
}

@manual{quarto2024guide,
  title     = {Quarto Documentation},
  author    = {{Quarto Development Team}},
  year      = {2024},
  note      = {Accessed online at \url{https://quarto.org/docs/guide/}},
  url       = {https://quarto.org/docs/guide/}
}

@book{angrist2014mastering,
  title={Mastering 'Metrics: The Path from Cause to Effect},
  author={Angrist, J.D. and Pischke, J.S.},
  isbn={9781400852383},
  year={2014},
  publisher={Princeton University Press}
}

@book{angrist2009mostly,
  title={Mostly Harmless Econometrics: An Empiricist's Companion},
  author={Angrist, J.D. and Pischke, J.S.},
  isbn={9780691120355},
  lccn={2008036265},
  year={2009},
  publisher={Princeton University Press}
}


@article{rmarkdown,
	title = {rmarkdown: Dynamic Documents for R},
	author = {Allaire, JJ and Xie, Yihui and Dervieux, Christophe and McPherson, Jonathan and Luraschi, Javier and Ushey, Kevin and Atkins, Aron and Wickham, Hadley and Cheng, Joe and Chang, Winston and Iannone, Richard},
	year = {2024},
	date = {2024},
	url = {https://github.com/rstudio/rmarkdown}
}

@article{tukeyggplot,
	title = {Plotting Tukey Test on ggplot},
	author = {de Moura Silva-Júnior, Edson Nilton},
	year = {2022},
	date = {2022},
	url = {https://rpubs.com/Edbbio/885399}
}

@article{bookdown,
	title = {bookdown: Authoring Books and Technical Documents with R Markdown},
	author = {Xie, Yihui},
	year = {2024},
	date = {2024},
	url = {https://github.com/rstudio/bookdown}
}

@article{datasets,
	title = {R: A Language and Environment for Statistical Computing},
	author = {, R Core Team},
	year = {2024},
	date = {2024},
	url = {https://www.R-project.org/}
}

@article{wooldridge,
	title = {wooldridge: 115 Data Sets from {"}Introductory Econometrics: A Modern
Approach, 7e{"} by Jeffrey M. Wooldridge},
	author = {Shea, Justin M.},
	year = {2023},
	date = {2023},
	url = {https://CRAN.R-project.org/package=wooldridge}
}

@article{AER,
	title = {Applied Econometrics with {\textbraceleft}R{\textbraceright}},
	author = {Kleiber, Christian and Zeileis, Achim},
	year = {2008},
	date = {2008},
	url = {https://CRAN.R-project.org/package=AER}
}

@article{fivethirtyeight,
	title = {The fivethirtyeight R Package: 'Tame Data' Principles for Introductory Statistics and Data Science Courses},
	author = {Kim, Albert Y. and Ismay, Chester and Chunn, Jennifer},
	year = {2018},
	date = {2018},
	volume = {11},
	url = {https://escholarship.org/uc/item/0rx1231m}
}

@article{carData,
	title = {carData: Companion to Applied Regression Data Sets},
	author = {Fox, John and Weisberg, Sanford and Price, Brad},
	year = {2022},
	date = {2022},
	url = {https://CRAN.R-project.org/package=carData}
}

@article{dplyr,
	title = {dplyr: A Grammar of Data Manipulation},
	author = {Wickham, Hadley and {François}, Romain and Henry, Lionel and {Müller}, Kirill and Vaughan, Davis},
	year = {2023},
	date = {2023},
	url = {https://CRAN.R-project.org/package=dplyr}
}

@article{Stat2Data,
	title = {Stat2Data: Datasets for Stat2},
	author = {Cannon, Ann and Cobb, George and Hartlaub, Bradley and Legler, Julie and Lock, Robin and Moore, Thomas and Rossman, Allan and Witmer, Jeffrey},
	year = {2019},
	date = {2019},
	url = {https://CRAN.R-project.org/package=Stat2Data}
}

@article{Ecdat,
	title = {Ecdat: Data Sets for Econometrics},
	author = {Croissant, Yves and Graves, Spencer},
	year = {2022},
	date = {2022},
	url = {https://CRAN.R-project.org/package=Ecdat}
}

@article{WDI,
	title = {WDI: World Development Indicators and Other World Bank Data},
	author = {Arel-Bundock, Vincent},
	year = {2022},
	date = {2022},
	url = {https://CRAN.R-project.org/package=WDI}
}

@article{quantmod,
	title = {quantmod: Quantitative Financial Modelling Framework},
	author = {Ryan, Jeffrey A. and Ulrich, Joshua M.},
	year = {2024},
	date = {2024},
	url = {https://CRAN.R-project.org/package=quantmod}
}

@article{EnvStats,
	title = {EnvStats:  An R Package for Environmental Statistics},
	author = {Millard, Steven P.},
	year = {2013},
	date = {2013},
	url = {https://www.springer.com}
}

@article{tidyverse,
	title = {Welcome to the {\textbraceleft}tidyverse{\textbraceright}},
	author = {Wickham, Hadley and Averick, Mara and Bryan, Jennifer and Chang, Winston and McGowan, {Lucy D'Agostino} and {François}, Romain and Grolemund, Garrett and Hayes, Alex and Henry, Lionel and Hester, Jim and Kuhn, Max and Pedersen, Thomas Lin and Miller, Evan and Bache, Stephan Milton and {Müller}, Kirill and Ooms, Jeroen and Robinson, David and Seidel, Dana Paige and Spinu, Vitalie and Takahashi, Kohske and Vaughan, Davis and Wilke, Claus and Woo, Kara and Yutani, Hiroaki},
	year = {2019},
	date = {2019},
	pages = {1686},
	volume = {4},
	doi = {10.21105/joss.01686}
}

@article{readr,
	title = {readr: Read Rectangular Text Data},
	author = {Wickham, Hadley and Hester, Jim and Bryan, Jennifer},
	year = {2024},
	date = {2024},
	url = {https://CRAN.R-project.org/package=readr}
}

@article{haven,
	title = {haven: Import and Export 'SPSS', 'Stata' and 'SAS' Files},
	author = {Wickham, Hadley and Miller, Evan and Smith, Danny},
	year = {2023},
	date = {2023},
	url = {https://CRAN.R-project.org/package=haven}
}

@article{readxl,
	title = {readxl: Read Excel Files},
	author = {Wickham, Hadley and Bryan, Jennifer},
	year = {2023},
	date = {2023},
	url = {https://CRAN.R-project.org/package=readxl}
}

@article{openintro,
	title = {openintro: Datasets and Supplemental Functions from 'OpenIntro' Textbooks
and Labs},
	author = {{Çetinkaya-Rundel}, Mine and Diez, David and Bray, Andrew and Kim, Albert Y. and Baumer, Ben and Ismay, Chester and Paterno, Nick and Barr, Christopher},
	year = {2024},
	date = {2024},
	url = {https://CRAN.R-project.org/package=openintro}
}

@ONLINE{logvars,
  title = {FAQ How do I interpret a regression model when some variables are log transformed?},
  year = {2011},
  url = {https://stats.oarc.ucla.edu/other/mult-pkg/faq/general/faq-how-do-i-cite-web-pages-and-programs-from-the-ucla-statistical-consulting-group/},
  note = "[Online; accessed 8-June-2025]"
}

@article{stringr,
	title = {stringr: Simple, Consistent Wrappers for Common String Operations},
	author = {Wickham, Hadley},
	year = {2023},
	date = {2023},
	url = {https://CRAN.R-project.org/package=stringr}
}

@article{knuth1984,
	title = {Literate Programming},
	author = {Knuth, D. E.},
	year = {1984},
	month = {02},
	date = {1984-02-01},
	journal = {The Computer Journal},
	pages = {97--111},
	volume = {27},
	number = {2},
	doi = {10.1093/comjnl/27.2.97},
	url = {http://dx.doi.org/10.1093/comjnl/27.2.97},
	langid = {en}
}

@article{quarto,
	title = {quarto: R Interface to 'Quarto' Markdown Publishing System},
	author = {Allaire, JJ and Dervieux, Christophe},
	year = {2024},
	date = {2024},
	url = {https://CRAN.R-project.org/package=quarto}
}

@misc{bbc,
  title = "BBC Visual and Data Journalism cookbook for R graphics",
  year = "2019",
  url = "https://bbc.github.io/rcookbook/",
  note = "[Online; accessed 23-May-2025]"
}

@misc{censusstyle,
  title = "US Census Bureau: Corporate Identity and Branding Standards",
  year = "2019",
  url = "https://www2.census.gov/about/policies/cb-style-guide.pdf",
  note = "[Online; accessed 23-May-2025]"
}
@article{cleveland1984,
	title = {Graphical Perception: Theory, Experimentation, and Application to the Development of Graphical Methods},
	author = {Cleveland, William S. and McGill, Robert},
	year = {1984},
	month = {09},
	date = {1984-09},
	journal = {Journal of the American Statistical Association},
	pages = {531--554},
	volume = {79},
	number = {387},
	doi = {10.1080/01621459.1984.10478080},
	url = {http://dx.doi.org/10.1080/01621459.1984.10478080},
	langid = {en}
}

@article{chow1960,
	title = {Tests of Equality Between Sets of Coefficients in Two Linear Regressions},
	author = {Chow, Gregory C.},
	year = {1960},
	month = {07},
	date = {1960-07},
	journal = {Econometrica},
	pages = {591},
	volume = {28},
	number = {3},
	doi = {10.2307/1910133},
	url = {http://dx.doi.org/10.2307/1910133}
}
